@BOOK{hello,
  title={Hello, Android: introducing Google's mobile development platform},
  author={Burnette, Ed},
  year={2010},
  publisher={Pragmatic Bookshelf},
  edition=3
}

@MISC{devServices,
  title = {{Services: Sending Notifications to the User}},
  howpublished = {\url{http://developer.android.com/guide/components/services.html#Notifications}},
  note = {Accessed on 29 Aug 2013}
}

@PHDTHESIS{REST,
author = {Fielding, Roy Thomas},
school = {UC Irvine},
title = {{Architectural Styles and the Design of Network-based Software Architectures}},
type = {PhD Thesis},

year = {2000}
}

@MISC{RFC2616,
  author = {R. Fielding and J. Gettys and J. Mogul and H. Frystyk and L. Masinter and P. Leach and T. Berners-Lee},
  title = {{Hypertext Transfer Protocol -- HTTP/1.1}},
  howpublished = {RFC 2616},
  year = {1999},
  url = {http://tools.ietf.org/html/rfc2616}
}

@INPROCEEDINGS{WoTarch,
  author = {Dominique Guinard and Vlad Trifa and Erik Wilde},
  title = {{A Resource Oriented Architecture for the Web of Things}},
  booktitle = {Proc. IoT},
  year = {2010},
  address = {Tokyo, Japan}
}

@MISC{androidDevTools,
  title = {{Android Developer Tools}},
  howpublished = {\url{http://developer.android.com/sdk/index.html}},
  note = {Accessed on 13 Oct 2013}
}

@MISC{androidAPIGuides,
  title = {{Android API Guides}},
  howpublished = {\url{http://developer.android.com/guide/components/index.html}},
  note = {Accessed on 13 Oct 2013}
}

@MISC{androidAPIReference,
  title = {{Android Reference}},
  howpublished = {\url{http://developer.android.com/reference/packages.html}},
  note = {Accessed on 13 Oct 2013}
}

@MISC{javaHashCode,
  title = {{Java Documentation for Object}},
  howpublished = {\url{http://docs.oracle.com/javase/7/docs/api/java/lang/Object.html}},
  note = {Accessed on 13 Oct 2013}
}

@MISC{androidSensorEvent,
  title = {{SensorEvent API Reference}},
  howpublished = {\url{http://developer.android.com/reference/android/hardware/SensorEvent.html}},
  note = {Accessed on 13 Oct 2013}
}